@misc{CodigoSite,
   author = {Oware Society},
   title =  {The Oware Society},
   year = {2010},
   howpublished = {http://www.oware.org},
   note = {Online em Outubro 2012}
}


% ver formatacoes em http://en.wikibooks.org/wiki/LaTeX/Bibliography_Management ou http://en.wikipedia.org/wiki/BibTeX ou noutro site